@book{musterbuch,
  author    = {Max Mustermann},
  title     = {Beispielbuch fÃ¼r Literaturangaben},
  year      = {2020},
  publisher = {Beispielverlag},
  address   = {Beispielstadt}
}

@article{musterartikel,
  author  = {Erika Beispiel},
  title   = {Ein Beispielartikel},
  journal = {Beispielzeitschrift},
  year    = {2021},
  volume  = {10},
  number  = {2},
  pages   = {123--456}
}
