@online{jetbrains_survey,
    author    = {JetBrains},
    title     = {The State of Developer Ecosystem 2023},
    year      = 2023,
    urldate   = {2024-06-30},
    url       = {https://www.jetbrains.com/lp/devecosystem-2023/development/}
}

@online{dart_platform,
	author    = {{Google LLC}},
	title     = {Dart: The platforms},
	year      = 2024,
	urldate   = {2024-07-07},
	url       = {https://dart.dev/overview#platform}
}

@online{flutter_supported_platforms,
	author    = {{Google LLC}},
	title     = {Supported deployment platforms},
	year      = 2024,
	urldate   = {2024-07-07},
	url       = {https://docs.flutter.dev/reference/supported-platforms}
}

@online{raspberry_pi,
    author    = {Raspberry Pi Foundation},
    title     = {Raspberry PI Modul B},
    year      = 2024,
    urldate   = {2024-07-01},
    url       = {https://www.raspberrypi.com/products/raspberry-pi-3-model-b/}
}

@online{logitech_camera,
    author    = {Logitech},
    title     = {Logitech Kamera},
    year      = 2024,
    urldate   = {2024-07-01},
    url       = {https://www.logitech.com/}
}

@online{dell_monitor,
    author    = {Dell},
    title     = {Dell 2208WFP},
    year      = 2024,
    urldate   = {2024-07-01},
    url       = {https://www.dell.com/}
}
